@Manual{R-asp20model,
  title = {asp20model: An R6 Class for Location-Scale Regression Models},
  author = {Hannes Riebl},
  year = {2020},
  note = {R package version 0.0.0.9000},
}
@Manual{R-base,
  title = {R: A Language and Environment for Statistical Computing},
  author = {{R Core Team}},
  organization = {R Foundation for Statistical Computing},
  address = {Vienna, Austria},
  year = {2020},
  url = {https://www.R-project.org/},
}
@Manual{R-gamboostLSS,
  title = {gamboostLSS: Boosting Methods for 'GAMLSS'},
  author = {Benjamin Hofner and Andreas Mayr and Nora Fenske and Janek Thomas and Matthias Schmid},
  year = {2020},
  note = {R package version 2.0-1.1},
  url = {https://CRAN.R-project.org/package=gamboostLSS},
}
@Manual{R-knitr,
  title = {knitr: A General-Purpose Package for Dynamic Report Generation in R},
  author = {Yihui Xie},
  year = {2020},
  note = {R package version 1.28},
  url = {https://CRAN.R-project.org/package=knitr},
}
@Manual{R-mboost,
  title = {mboost: Model-Based Boosting},
  author = {Torsten Hothorn and Peter Buehlmann and Thomas Kneib and Matthias Schmid and Benjamin Hofner},
  year = {2020},
  note = {R package version 2.9-2},
  url = {https://CRAN.R-project.org/package=mboost},
}
@Manual{R-R6,
  title = {R6: Encapsulated Classes with Reference Semantics},
  author = {Winston Chang},
  year = {2019},
  note = {R package version 2.4.1},
  url = {https://CRAN.R-project.org/package=R6},
}
@Manual{R-rmarkdown,
  title = {rmarkdown: Dynamic Documents for R},
  author = {JJ Allaire and Yihui Xie and Jonathan McPherson and Javier Luraschi and Kevin Ushey and Aron Atkins and Hadley Wickham and Joe Cheng and Winston Chang and Richard Iannone},
  year = {2020},
  note = {R package version 2.1},
  url = {https://CRAN.R-project.org/package=rmarkdown},
}
@Manual{R-rticles,
  title = {rticles: Article Formats for R Markdown},
  author = {JJ Allaire and Yihui Xie and {R Foundation} and Hadley Wickham and {Journal of Statistical Software} and Ramnath  Vaidyanathan and {Association for Computing Machinery} and Carl Boettiger and {Elsevier} and Karl Broman and Kirill Mueller and Bastiaan Quast and Randall  Pruim and Ben Marwick and Charlotte Wickham and Oliver Keyes and Miao Yu and Daniel Emaasit and Thierry Onkelinx and Alessandro Gasparini and Marc-Andre Desautels and Dominik Leutnant and {MDPI} and {Taylor and Francis} and Oguzhan Ögreden and Dalton Hance and Daniel Nüst and Petter Uvesten and Elio Campitelli and John Muschelli and Zhian N. Kamvar and Noam Ross and Robrecht Cannoodt and Duncan Luguern and David M. Kaplan},
  year = {2020},
  note = {R package version 0.14},
  url = {https://CRAN.R-project.org/package=rticles},
}
@Manual{R-stabs,
  title = {stabs: Stability Selection with Error Control},
  author = {Benjamin Hofner and Torsten Hothorn},
  year = {2017},
  note = {R package version 0.6-3},
  url = {https://CRAN.R-project.org/package=stabs},
}
@Manual{R-tidyverse,
  title = {tidyverse: Easily Install and Load the 'Tidyverse'},
  author = {Hadley Wickham},
  year = {2019},
  note = {R package version 1.3.0},
  url = {https://CRAN.R-project.org/package=tidyverse},
}
@Manual{gamboostLSS2018a,
  title = {{gamboostLSS}: Boosting Methods for {GAMLSS} Models},
  author = {Benjamin Hofner and Andreas Mayr and Nora Fenske and Matthias Schmid},
  year = {2018},
  note = {{R} package version 2.0-1.1},
  url = {https://CRAN.R-project.org/package=gamboostLSS},
}
@Article{gamboostLSS2016a,
  title = {{gamboostLSS}: An {R} Package for Model Building and Variable Selection in the {GAMLSS} Framework},
  author = {Benjamin Hofner and Andreas Mayr and Matthias Schmid},
  journal = {Journal of Statistical Software},
  year = {2016},
  volume = {74},
  number = {1},
  pages = {1--31},
  doi = {10.18637/jss.v074.i01},
}
@Article{gamboostLSS2012a,
  title = {Generalized additive models for location, scale and shape for high-dimensional data - a flexible approach based on boosting},
  author = {Andreas Mayr and Nora Fenske and Benjamin Hofner and Thomas Kneib and Matthias Schmid},
  journal = {Journal of the Royal Statistical Society, Series C - Applied Statistics},
  year = {2012},
  volume = {61},
  number = {3},
  pages = {403--427},
}
@Article{gamboostLSS2018b,
  title = {Gradient boosting for distributional regression - faster tuning and improved variable selection via noncyclical updates},
  author = {Janek Thomas and Andreas Mayr and Bernd Bischl and Matthias Schmid and Adam Smith and Benjamin Hofner},
  year = {2018},
  journal = {{Statistics and Computing}},
  volume = {28},
  number = {3},
  pages = {673--687},
  doi = {10.1007/s11222-017-9754-6},
}
@Book{knitr2015,
  title = {Dynamic Documents with {R} and knitr},
  author = {Yihui Xie},
  publisher = {Chapman and Hall/CRC},
  address = {Boca Raton, Florida},
  year = {2015},
  edition = {2nd},
  note = {ISBN 978-1498716963},
  url = {https://yihui.org/knitr/},
}
@InCollection{knitr2014,
  booktitle = {Implementing Reproducible Computational Research},
  editor = {Victoria Stodden and Friedrich Leisch and Roger D. Peng},
  title = {knitr: A Comprehensive Tool for Reproducible Research in {R}},
  author = {Yihui Xie},
  publisher = {Chapman and Hall/CRC},
  year = {2014},
  note = {ISBN 978-1466561595},
  url = {http://www.crcpress.com/product/isbn/9781466561595},
}
@Manual{mboost2020,
  title = {{mboost}: Model-Based Boosting},
  author = {Torsten Hothorn and Peter Buehlmann and Thomas Kneib and Matthias Schmid and Benjamin Hofner},
  year = {2020},
  note = {{R} package version 2.9-2},
  url = {https://CRAN.R-project.org/package=mboost},
}
@Article{mboost2014,
  title = {Model-based Boosting in {R}: A Hands-on Tutorial Using the {R} Package mboost},
  author = {Benjamin Hofner and Andreas Mayr and Nikolay Robinzonov and Matthias Schmid},
  journal = {Computational Statistics},
  year = {2014},
  volume = {29},
  pages = {3--35},
}
@Article{mboost2010,
  title = {Model-based Boosting 2.0},
  author = {Torsten Hothorn and Peter Buehlmann and Thomas Kneib and Matthias Schmid and Benjamin Hofner},
  journal = {Journal of Machine Learning Research},
  year = {2010},
  volume = {11},
  pages = {2109--2113},
}
@Article{mboost2007,
  title = {Boosting Algorithms: Regularization, Prediction and Model Fitting (with Discussion)},
  author = {Peter Buehlmann and Torsten Hothorn},
  journal = {Statistical Science},
  year = {2007},
  volume = {22},
  number = {4},
  pages = {477--505},
}
@Article{mboost2015,
  title = {Controlling false discoveries in high-dimensional situations: Boosting with stability selection},
  author = {Benjamin Hofner and Luigi Boccuto and Markus Goeker},
  journal = {{BMC} Bioinformatics},
  year = {2015},
  volume = {16},
  number = {144},
}
@Book{rmarkdown2018,
  title = {R Markdown: The Definitive Guide},
  author = {Yihui Xie and J.J. Allaire and Garrett Grolemund},
  publisher = {Chapman and Hall/CRC},
  address = {Boca Raton, Florida},
  year = {2018},
  note = {ISBN 9781138359338},
  url = {https://bookdown.org/yihui/rmarkdown},
}
@Manual{Hofner:pkg_stabs:2017,
  title = {{stabs}: Stability Selection with Error Control},
  author = {Benjamin Hofner and Torsten Hothorn},
  year = {2017},
  note = {{R} package version 0.6-3},
  url = {https://CRAN.R-project.org/package=stabs},
}
@Article{Hofner:StabSel:2015,
  title = {Controlling false discoveries in high-dimensional situations: Boosting with stability selection},
  author = {Benjamin Hofner and Luigi Boccuto and Markus G\"oker},
  journal = {{BMC Bioinformatics}},
  year = {2015},
  volume = {16},
  pages = {144},
  url = {http://dx.doi.org/10.1186/s12859-015-0575-3},
}
@Article{stabs2017b,
  title = {Gradient boosting for distributional regression - faster tuning and improved variable selection via noncyclical updates},
  author = {Janek Thomas and Andreas Mayr and Bernd Bischl and Matthias Schmid and Adam Smith and Benjamin Hofner},
  year = {2017},
  journal = {{Statistics and Computing}},
  note = {Online First},
  doi = {10.1007/s11222-017-9754-6},
}
@Article{tidyverse2019,
  title = {Welcome to the {tidyverse}},
  author = {Hadley Wickham and Mara Averick and Jennifer Bryan and Winston Chang and Lucy D'Agostino McGowan and Romain François and Garrett Grolemund and Alex Hayes and Lionel Henry and Jim Hester and Max Kuhn and Thomas Lin Pedersen and Evan Miller and Stephan Milton Bache and Kirill Müller and Jeroen Ooms and David Robinson and Dana Paige Seidel and Vitalie Spinu and Kohske Takahashi and Davis Vaughan and Claus Wilke and Kara Woo and Hiroaki Yutani},
  year = {2019},
  journal = {Journal of Open Source Software},
  volume = {4},
  number = {43},
  pages = {1686},
  doi = {10.21105/joss.01686},
}
